%YAML 1.1
%TAG !u! tag:unity3d.com,2011:
--- !u!1 &1366094556
GameObject:
  m_ObjectHideFlags: 0
  m_CorrespondingSourceObject: {fileID: 0}
  m_PrefabInstance: {fileID: 0}
  m_PrefabAsset: {fileID: 0}
  serializedVersion: 6
  m_Component:
  - component: {fileID: 1366094557}
  - component: {fileID: 1366094558}
  m_Layer: 0
  m_Name: Spot Light
  m_TagString: Untagged
  m_Icon: {fileID: 0}
  m_NavMeshLayer: 0
  m_StaticEditorFlags: 0
  m_IsActive: 1
--- !u!4 &1366094557
Transform:
  m_ObjectHideFlags: 0
  m_CorrespondingSourceObject: {fileID: 0}
  m_PrefabInstance: {fileID: 0}
  m_PrefabAsset: {fileID: 0}
  m_GameObject: {fileID: 1366094556}
  m_LocalRotation: {x: 0.7071068, y: 0, z: 0, w: 0.7071068}
  m_LocalPosition: {x: 0, y: 5.101, z: 0}
  m_LocalScale: {x: 1, y: 1, z: 1}
  m_Children: []
  m_Father: {fileID: 981912733849401637}
  m_RootOrder: 1
  m_LocalEulerAnglesHint: {x: 90, y: 0, z: 0}
--- !u!108 &1366094558
Light:
  m_ObjectHideFlags: 0
  m_CorrespondingSourceObject: {fileID: 0}
  m_PrefabInstance: {fileID: 0}
  m_PrefabAsset: {fileID: 0}
  m_GameObject: {fileID: 1366094556}
  m_Enabled: 1
  serializedVersion: 9
  m_Type: 0
  m_Color: {r: 1, g: 1, b: 1, a: 1}
  m_Intensity: 1
  m_Range: 10
  m_SpotAngle: 30
  m_InnerSpotAngle: 21.80208
  m_CookieSize: 10
  m_Shadows:
    m_Type: 0
    m_Resolution: -1
    m_CustomResolution: -1
    m_Strength: 1
    m_Bias: 0.05
    m_NormalBias: 0.4
    m_NearPlane: 0.2
    m_CullingMatrixOverride:
      e00: 1
      e01: 0
      e02: 0
      e03: 0
      e10: 0
      e11: 1
      e12: 0
      e13: 0
      e20: 0
      e21: 0
      e22: 1
      e23: 0
      e30: 0
      e31: 0
      e32: 0
      e33: 1
    m_UseCullingMatrixOverride: 0
  m_Cookie: {fileID: 0}
  m_DrawHalo: 0
  m_Flare: {fileID: 0}
  m_RenderMode: 0
  m_CullingMask:
    serializedVersion: 2
    m_Bits: 4294967295
  m_RenderingLayerMask: 1
  m_Lightmapping: 4
  m_LightShadowCasterMode: 0
  m_AreaSize: {x: 1, y: 1}
  m_BounceIntensity: 1
  m_ColorTemperature: 6570
  m_UseColorTemperature: 0
  m_BoundingSphereOverride: {x: 0, y: 0, z: 0, w: 0}
  m_UseBoundingSphereOverride: 0
  m_ShadowRadius: 0
  m_ShadowAngle: 0
--- !u!54 &8036852942020658631
Rigidbody:
  m_ObjectHideFlags: 0
  m_CorrespondingSourceObject: {fileID: 0}
  m_PrefabInstance: {fileID: 0}
  m_PrefabAsset: {fileID: 0}
  m_GameObject: {fileID: 4322098523778599734}
  serializedVersion: 2
  m_Mass: 1
  m_Drag: 0
  m_AngularDrag: 0.05
  m_UseGravity: 1
  m_IsKinematic: 0
  m_Interpolate: 0
  m_Constraints: 112
  m_CollisionDetection: 0
--- !u!114 &2406373801030324660
MonoBehaviour:
  m_ObjectHideFlags: 0
  m_CorrespondingSourceObject: {fileID: 0}
  m_PrefabInstance: {fileID: 0}
  m_PrefabAsset: {fileID: 0}
  m_GameObject: {fileID: 4322098523778599734}
  m_Enabled: 1
  m_EditorHideFlags: 0
  m_Script: {fileID: 11500000, guid: ab63aaf510437324f8214cfa13d0f15a, type: 3}
  m_Name: 
  m_EditorClassIdentifier: 
  nWall: {fileID: 0}
  sWall: {fileID: 0}
  wWall: {fileID: 0}
  eWall: {fileID: 0}
  HomeWall1: {fileID: 0}
  HomeWall2: {fileID: 0}
  HomeWall3: {fileID: 0}
  HomeWall4: {fileID: 0}
  HomeWall5: {fileID: 0}
  HomeWall6: {fileID: 0}
  target: {x: 0, y: 0, z: 0}
  FrogPrefab: {fileID: 0}
--- !u!1 &5249720122274995878
GameObject:
  m_ObjectHideFlags: 0
  m_CorrespondingSourceObject: {fileID: 0}
  m_PrefabInstance: {fileID: 0}
  m_PrefabAsset: {fileID: 0}
  serializedVersion: 6
  m_Component:
  - component: {fileID: 5249720122274995882}
  m_Layer: 0
  m_Name: Frog
  m_TagString: Untagged
  m_Icon: {fileID: 0}
  m_NavMeshLayer: 0
  m_StaticEditorFlags: 0
  m_IsActive: 1
--- !u!4 &5249720122274995882
Transform:
  m_ObjectHideFlags: 0
  m_CorrespondingSourceObject: {fileID: 0}
  m_PrefabInstance: {fileID: 0}
  m_PrefabAsset: {fileID: 0}
  m_GameObject: {fileID: 5249720122274995878}
  m_LocalRotation: {x: 0, y: 0, z: 0, w: 1}
  m_LocalPosition: {x: 0, y: 0, z: 0}
  m_LocalScale: {x: 1, y: 1, z: 1}
  m_Children:
  - {fileID: 981912733849401637}
  m_Father: {fileID: 0}
  m_RootOrder: 0
  m_LocalEulerAnglesHint: {x: 0, y: 0, z: 0}
--- !u!1001 &5249720123377259071
PrefabInstance:
  m_ObjectHideFlags: 0
  serializedVersion: 2
  m_Modification:
    m_TransformParent: {fileID: 5249720122274995882}
    m_Modifications:
    - target: {fileID: -4216859302048453862, guid: 27802f2264b2a6141a7f25780026a3ae,
        type: 3}
      propertyPath: m_LocalPosition.x
      value: 0
      objectReference: {fileID: 0}
    - target: {fileID: -4216859302048453862, guid: 27802f2264b2a6141a7f25780026a3ae,
        type: 3}
      propertyPath: m_LocalPosition.y
      value: -0.494
      objectReference: {fileID: 0}
    - target: {fileID: -4216859302048453862, guid: 27802f2264b2a6141a7f25780026a3ae,
        type: 3}
      propertyPath: m_LocalPosition.z
      value: 0
      objectReference: {fileID: 0}
    - target: {fileID: -4216859302048453862, guid: 27802f2264b2a6141a7f25780026a3ae,
        type: 3}
      propertyPath: m_LocalRotation.x
      value: -0
      objectReference: {fileID: 0}
    - target: {fileID: -4216859302048453862, guid: 27802f2264b2a6141a7f25780026a3ae,
        type: 3}
      propertyPath: m_LocalRotation.y
      value: 1
      objectReference: {fileID: 0}
    - target: {fileID: -4216859302048453862, guid: 27802f2264b2a6141a7f25780026a3ae,
        type: 3}
      propertyPath: m_LocalRotation.z
      value: -0
      objectReference: {fileID: 0}
    - target: {fileID: -4216859302048453862, guid: 27802f2264b2a6141a7f25780026a3ae,
        type: 3}
      propertyPath: m_LocalRotation.w
      value: 0
      objectReference: {fileID: 0}
    - target: {fileID: -4216859302048453862, guid: 27802f2264b2a6141a7f25780026a3ae,
        type: 3}
      propertyPath: m_RootOrder
      value: 0
      objectReference: {fileID: 0}
    - target: {fileID: -4216859302048453862, guid: 27802f2264b2a6141a7f25780026a3ae,
        type: 3}
      propertyPath: m_LocalEulerAnglesHint.x
      value: 0
      objectReference: {fileID: 0}
    - target: {fileID: -4216859302048453862, guid: 27802f2264b2a6141a7f25780026a3ae,
        type: 3}
      propertyPath: m_LocalEulerAnglesHint.y
      value: 180
      objectReference: {fileID: 0}
    - target: {fileID: -4216859302048453862, guid: 27802f2264b2a6141a7f25780026a3ae,
        type: 3}
      propertyPath: m_LocalEulerAnglesHint.z
      value: 0
      objectReference: {fileID: 0}
    - target: {fileID: -4216859302048453862, guid: 27802f2264b2a6141a7f25780026a3ae,
        type: 3}
      propertyPath: m_LocalScale.x
      value: 0.8191941
      objectReference: {fileID: 0}
    - target: {fileID: -4216859302048453862, guid: 27802f2264b2a6141a7f25780026a3ae,
        type: 3}
      propertyPath: m_LocalScale.y
      value: 1.2406502
      objectReference: {fileID: 0}
    - target: {fileID: -4216859302048453862, guid: 27802f2264b2a6141a7f25780026a3ae,
        type: 3}
      propertyPath: m_LocalScale.z
      value: 0.8076347
      objectReference: {fileID: 0}
    - target: {fileID: -927199367670048503, guid: 27802f2264b2a6141a7f25780026a3ae,
        type: 3}
      propertyPath: m_Name
      value: Frog (1)
      objectReference: {fileID: 0}
    m_RemovedComponents: []
  m_SourcePrefab: {fileID: 100100000, guid: 27802f2264b2a6141a7f25780026a3ae, type: 3}
--- !u!1 &4322098523778599734 stripped
GameObject:
  m_CorrespondingSourceObject: {fileID: -927199367670048503, guid: 27802f2264b2a6141a7f25780026a3ae,
    type: 3}
  m_PrefabInstance: {fileID: 5249720123377259071}
  m_PrefabAsset: {fileID: 0}
--- !u!4 &981912733849401637 stripped
Transform:
  m_CorrespondingSourceObject: {fileID: -4216859302048453862, guid: 27802f2264b2a6141a7f25780026a3ae,
    type: 3}
  m_PrefabInstance: {fileID: 5249720123377259071}
  m_PrefabAsset: {fileID: 0}
